
@book{BecAnd04extreme,
  added-at = {2015-08-04T15:30:35.000+0200},
  address = {Boston},
  author = {Beck, Kent and Andres, Cynthia},
  biburl = {https://www.bibsonomy.org/bibtex/25a0de786b7be8a2452c7d596172209ee/xaavian},
  description = {Extreme Programming Explained, second edition},
  interhash = {a9b68fa00c6e5da6bdc8dd7e848aa2e5},
  intrahash = {5a0de786b7be8a2452c7d596172209ee},
  isbn = {0321278658},
  keywords = {extreme programming},
  publisher = {Addison-Wesley Professional},
  timestamp = {2015-08-04T15:45:20.000+0200},
  title = {Extreme Programming Explained: Embrace Change (2nd Edition)},
  url = {http://portal.acm.org/citation.cfm?id=1076267},
  year = 2004
}

@book{beck2001planning,
  title={Planning Extreme Programming},
  author={Beck, K. and Fowler, M.},
  series={XP series},
  url={https://books.google.at/books?id=9T63jwEACAAJ},
  year={2001},
  publisher={Addison-Wesley}
}

@book{FeathersMichael,
  author = {Feathers, Michael},
  title = {Working Effectively with Legacy Code},
  year = {2004},
  isbn = {0131177052},
  publisher = {Prentice Hall PTR},
  address = {USA}
}

@misc{WEBSITE:WhereDidItAllGoWrong,
	title = {Ian Cooper Where Did It All Go Wrong},
	howpublished = {https://www.youtube.com/watch?v=EZ05e7EMOLM}
}

@misc{WEBSITE:TDDisdead,
	title = {David Heinemeier Hansson TDD is dead. Long live testing.},
	howpublished = {https://dhh.dk/2014/tdd-is-dead-long-live-testing.html}
}

@misc{WEBSITE:UnitTestIsWaste,
	title = {James Coplien Why Most Unit Testing is Waste},
	howpublished = {https://rbcs-us.com/documents/Why-Most-Unit-Testing-is-Waste.pdf}
}


